@article{shang10empirical,
  author={Ming-Sheng Shang and Linyuan Lü and Yi-Cheng Zhang and Tao Zhou},
  title={Empirical analysis of web-based user-object bipartite networks},
  journal={EPL (Europhysics Letters)},
  volume={90},
  number={4},
  pages={48006},
  url={http://stacks.iop.org/0295-5075/90/i=4/a=48006},
  year={2010},
}

@article{huang2007analyzing,
  title={Analyzing consumer-product graphs: Empirical findings and applications in recommender systems},
  author={Huang, Zan and Zeng, Daniel D and Chen, Hsinchun},
  journal={Management Science},
  volume={53},
  number={7},
  pages={1146--1164},
  year={2007},
  publisher={INFORMS}
}

@inproceedings{grujic2009mixing,
  title={Mixing patterns and communities on bipartite graphs on web-based social interactions},
  author={Grujic, Jelena and Mitrovic, Marija and Tadic, Bosiljka},
  booktitle={Digital Signal Processing, 2009 16th International Conference on},
  pages={1--8},
  year={2009},
  organization={IEEE}
}

@inproceedings{breese1998empirical,
  title={Empirical analysis of predictive algorithms for collaborative filtering},
  author={Breese, John S and Heckerman, David and Kadie, Carl},
  booktitle={Proceedings of the Fourteenth conference on Uncertainty in artificial intelligence},
  pages={43--52},
  year={1998},
  organization={Morgan Kaufmann Publishers Inc.}
}

@article{newman2004finding,
  title={Finding and evaluating community structure in networks},
  author={Newman, Mark EJ and Girvan, Michelle},
  journal={Physical review E},
  volume={69},
  number={2},
  pages={026113},
  year={2004},
  publisher={APS}
}

@INPROCEEDINGS{Bertin-Mahieux2011,
  author = {Thierry Bertin-Mahieux and Daniel P.W. Ellis and Brian Whitman and Paul Lamere},
  title = {The Million Song Dataset},
  booktitle = {{Proceedings of the 12th International Conference on Music Information
	Retrieval ({ISMIR} 2011)}},
  year = {2011},
  owner = {thierry},
  timestamp = {2010.03.07}
}

@article{latapy2008basic,
  title={Basic notions for the analysis of large two-mode networks},
  author={Latapy, Matthieu and Magnien, Cl{\'e}mence and Vecchio, Nathalie Del},
  journal={Social Networks},
  volume={30},
  number={1},
  pages={31--48},
  year={2008},
  publisher={Elsevier}
}

@article{newman2001random,
  title={Random graphs with arbitrary degree distributions and their applications},
  author={Newman, Mark EJ and Strogatz, Steven H and Watts, Duncan J},
  journal={Physical Review E},
  volume={64},
  number={2},
  pages={026118},
  year={2001},
  publisher={APS}
}

@article{laherrere1998stretched,
  title={Stretched exponential distributions in nature and economy:“fat tails” with characteristic scales},
  author={Laherrere, Jean and Sornette, Didier},
  journal={The European Physical Journal B-Condensed Matter and Complex Systems},
  volume={2},
  number={4},
  pages={525--539},
  year={1998},
  publisher={Springer}
}

@article{fortunato2010community,
  title={Community detection in graphs},
  author={Fortunato, Santo},
  journal={Physics Reports},
  volume={486},
  number={3},
  pages={75--174},
  year={2010},
  publisher={Elsevier}
}

@article{clauset2004finding,
  title={Finding community structure in very large networks},
  author={Clauset, Aaron and Newman, Mark EJ and Moore, Cristopher},
  journal={Physical review E},
  volume={70},
  number={6},
  pages={066111},
  year={2004},
  publisher={APS}
}

@article{blondel2008fast,
  title={Fast unfolding of communities in large networks},
  author={Blondel, Vincent D and Guillaume, Jean-Loup and Lambiotte, Renaud and Lefebvre, Etienne},
  journal={Journal of Statistical Mechanics: Theory and Experiment},
  volume={2008},
  number={10},
  pages={P10008},
  year={2008},
  publisher={IOP Publishing}
}

@article{raghavan2007near,
  title={Near linear time algorithm to detect community structures in large-scale networks},
  author={Raghavan, Usha Nandini and Albert, R{\'e}ka and Kumara, Soundar},
  journal={Physical Review E},
  volume={76},
  number={3},
  pages={036106},
  year={2007},
  publisher={APS}
}

@article{salton1988term,
  title={Term-weighting approaches in automatic text retrieval},
  author={Salton, Gerard and Buckley, Christopher},
  journal={Information processing \& management},
  volume={24},
  number={5},
  pages={513--523},
  year={1988},
  publisher={Elsevier}
}

@book{davis1941deep,
  title={Deep south},
  author={Davis, Allison and Gardner, Burleigh B and Gardner, Mary R},
  year={1941},
  publisher={University of Chicago Press Chicago}
}

@article{freeman2003finding,
  title={Finding social groups: A meta-analysis of the southern women data},
  author={Freeman, Linton C},
  journal={Dynamic social network modeling and analysis},
  pages={39--97},
  year={2003},
  publisher={The National Academies Press Washington}
}

@article{clauset2009power,
  title={Power-law distributions in empirical data},
  author={Clauset, Aaron and Shalizi, Cosma Rohilla and Newman, Mark EJ},
  journal={SIAM review},
  volume={51},
  number={4},
  pages={661--703},
  year={2009},
  publisher={SIAM}
}

@article{newman2001scientific1,
  title={Scientific collaboration networks. I. Network construction and fundamental results},
  author={Newman, Mark EJ},
  journal={Physical review E},
  volume={64},
  number={1},
  pages={016131},
  year={2001},
  publisher={APS}
}

@article{newman2001scientific2,
  title={Scientific collaboration networks. II. Shortest paths, weighted networks, and centrality},
  author={Newman, Mark EJ},
  journal={Physical review E},
  volume={64},
  number={1},
  pages={016132},
  year={2001},
  publisher={APS}
}

@article{liljeros2001web,
  title={The web of human sexual contacts},
  author={Liljeros, Fredrik and Edling, Christofer R and Amaral, Luis A Nunes and Stanley, H Eugene and {\AA}berg, Yvonne},
  journal={Nature},
  volume={411},
  number={6840},
  pages={907--908},
  year={2001},
  publisher={Nature Publishing Group}
}

@article{jeong2000large,
  title={The large-scale organization of metabolic networks},
  author={Jeong, Hawoong and Tombor, B{\'a}lint and Albert, R{\'e}ka and Oltvai, Zoltan N and Barab{\'a}si, A-L},
  journal={Nature},
  volume={407},
  number={6804},
  pages={651--654},
  year={2000},
  publisher={Nature Publishing Group}
}

@article{guillaume2004bipartite,
  title={Bipartite structure of all complex networks},
  author={Guillaume, Jean-Loup and Latapy, Matthieu},
  journal={Information processing letters},
  volume={90},
  number={5},
  pages={215--221},
  year={2004},
  publisher={Elsevier}
}

@article{barabasi2002evolution,
  title={Evolution of the social network of scientific collaborations},
  author={Barab{\^a}si, Albert-Laszlo and Jeong, Hawoong and N{\'e}da, Zoltan and Ravasz, Erzsebet and Schubert, Andras and Vicsek, Tamas},
  journal={Physica A: Statistical Mechanics and its Applications},
  volume={311},
  number={3},
  pages={590--614},
  year={2002},
  publisher={Elsevier}
}

@article{li2005weighted,
  title={Weighted networks of scientific communication: the measurement and topological role of weight},
  author={Li, Menghui and Fan, Ying and Chen, Jiawei and Gao, Liang and Di, Zengru and Wu, Jinshan},
  journal={Physica A: Statistical Mechanics and its Applications},
  volume={350},
  number={2},
  pages={643--656},
  year={2005},
  publisher={Elsevier}
}

@article{ramasco2006social,
  title={Social inertia in collaboration networks},
  author={Ramasco, Jos{\'e} J and Morris, Steven A},
  journal={Physical Review E},
  volume={73},
  number={1},
  pages={016122},
  year={2006},
  publisher={APS}
}

@article{li2007evolving,
  title={Evolving model of weighted networks inspired by scientific collaboration networks},
  author={Li, Menghui and Wu, Jinshan and Wang, Dahui and Zhou, Tao and Di, Zengru and Fan, Ying},
  journal={Physica A: Statistical Mechanics and its Applications},
  volume={375},
  number={1},
  pages={355--364},
  year={2007},
  publisher={Elsevier}
}

@article{borgatti1997network,
  title={Network analysis of 2-mode data},
  author={Borgatti, Stephen P and Everett, Martin G},
  journal={Social networks},
  volume={19},
  number={3},
  pages={243--269},
  year={1997},
  publisher={Elsevier}
}

@article{lind2005cycles,
  title={Cycles and clustering in bipartite networks},
  author={Lind, Pedro G and Gonzalez, Marta C and Herrmann, Hans J},
  journal={Physical review E},
  volume={72},
  number={5},
  pages={056127},
  year={2005},
  publisher={APS}
}

@article{zhang2008clustering,
  title={Clustering coefficient and community structure of bipartite networks},
  author={Zhang, Peng and Wang, Jinliang and Li, Xiaojia and Li, Menghui and Di, Zengru and Fan, Ying},
  journal={Physica A: Statistical Mechanics and its Applications},
  volume={387},
  number={27},
  pages={6869--6875},
  year={2008},
  publisher={Elsevier}
}

@article{opsahl2011triadic,
  title={Triadic closure in two-mode networks: Redefining the global and local clustering coefficients},
  author={Opsahl, Tore},
  journal={Social Networks},
  year={2011},
  publisher={Elsevier}
}
